<?xml version="1.0" encoding="UTF-8"?><collection xmlns="http://www.loc.gov/MARC21/slim"><record><leader>00413nam--2200169-i-4500</leader><controlfield tag="001">000037029</controlfield><controlfield tag="002">20161230</controlfield><controlfield tag="005">20170209231133</controlfield><controlfield tag="008">060222s1000------------r-----000-0-eng-d</controlfield><datafield ind1=" " ind2=" " tag="080"><subfield code="a">519</subfield></datafield><datafield ind1=" " ind2="1" tag="100"><subfield code="a">Bharucha-Reid, A. T</subfield></datafield><datafield ind1=" " ind2=" " tag="245"><subfield code="a">Probabilistic methods in applied mathematics</subfield></datafield><datafield ind1=" " ind2=" " tag="260"><subfield code="a">New York</subfield><subfield code="b">Acad.Press</subfield><subfield code="c">1970</subfield></datafield><datafield ind1=" " ind2=" " tag="300"><subfield code="a">X+346 p</subfield></datafield><datafield ind1=" " ind2=" " tag="490"><subfield code="v">Vol. 3</subfield></datafield><datafield ind1=" " ind2=" " tag="852"><subfield code="c">51</subfield></datafield><datafield ind1=" " ind2=" " tag="CAT"><subfield code="a">SYS</subfield><subfield code="c">20170209</subfield><subfield code="h">231133</subfield></datafield></record></collection>